<?xml version="1.0" encoding="UTF-8"?><record xmlns="http://www.loc.gov/MARC21/slim" xmlns:cinclude="http://apache.org/cocoon/include/1.0" xmlns:zs="http://www.loc.gov/zing/srw/">
  <leader>00347nz  a2200121n  4500</leader>
  <controlfield tag="001">n 2012035616</controlfield>
  <controlfield tag="003">DLC</controlfield>
  <controlfield tag="005">20120526074934.0</controlfield>
  <controlfield tag="008">120525n| acannaabn          |n aaa      </controlfield>
  <datafield tag="010" ind1=" " ind2=" ">
    <subfield code="a">n 2012035616</subfield>
  </datafield>
  <datafield tag="040" ind1=" " ind2=" ">
    <subfield code="a">DLC</subfield>
    <subfield code="b">eng</subfield>
    <subfield code="c">DLC</subfield>
  </datafield>
  <datafield tag="100" ind1="1" ind2=" ">
    <subfield code="a">Norvell, Jay,</subfield>
    <subfield code="d">1963-</subfield>
  </datafield>
  <datafield tag="670" ind1=" " ind2=" ">
    <subfield code="a">Complete wide receiver, c2012:</subfield>
    <subfield code="b">ECIP t.p. (Jay Norvell) data view (b. March 28, 1963)</subfield>
  </datafield>
</record>